<record><leader>00000cas a2200000 a 4500</leader><controlfield tag="001">9380422</controlfield><controlfield tag="008">830406d18231824mauwr ne      0   a0eng c</controlfield><datafield ind1=" " ind2=" " tag="010"><subfield code="a">sn 83020519 </subfield></datafield><datafield ind1=" " ind2=" " tag="040"><subfield code="a">NPX</subfield><subfield code="b">eng</subfield><subfield code="c">NPX</subfield><subfield code="d">NPA</subfield><subfield code="d">NPU</subfield><subfield code="d">DLC</subfield><subfield code="d">MGN</subfield><subfield code="d">HUL</subfield><subfield code="d">YOX</subfield><subfield code="d">HUL</subfield><subfield code="d">DLC</subfield><subfield code="d">NVK</subfield><subfield code="d">OBN</subfield><subfield code="d">OCL</subfield><subfield code="d">CVF</subfield><subfield code="d">NYS</subfield><subfield code="d">KRTAS</subfield><subfield code="d">DLC</subfield><subfield code="d">OCLCQ</subfield><subfield code="d">OCLCF</subfield><subfield code="d">DLC</subfield></datafield><datafield ind1="0" ind2=" " tag="022"><subfield code="a">2575-9442</subfield><subfield code="2">1</subfield></datafield><datafield ind1=" " ind2=" " tag="042"><subfield code="a">pcc</subfield><subfield code="a">nsdp</subfield></datafield><datafield ind1=" " ind2=" " tag="043"><subfield code="a">n-us-ma</subfield></datafield><datafield ind1="0" ind2="0" tag="050"><subfield code="a">Newspaper</subfield></datafield><datafield ind1="0" ind2=" " tag="130"><subfield code="a">Haverhill gazette and Essex patriot (Haverhill, Mass. : 1823)</subfield></datafield><datafield ind1=" " ind2="0" tag="222"><subfield code="a">Haverhill gazette and Essex patriot</subfield></datafield><datafield ind1="1" ind2="0" tag="245"><subfield code="a">Haverhill gazette, and Essex patriot.</subfield></datafield><datafield ind1="3" ind2=" " tag="246"><subfield code="a">Haverhill gazette &amp; Essex patriot</subfield></datafield><datafield ind1="3" ind2=" " tag="246"><subfield code="a">Gazette &amp; patriot</subfield></datafield><datafield ind1=" " ind2=" " tag="260"><subfield code="a">Haverhill, Mass. :</subfield><subfield code="b">N. Burrill,</subfield><subfield code="c">1823-1824.</subfield></datafield><datafield ind1=" " ind2=" " tag="300"><subfield code="a">v.</subfield></datafield><datafield ind1=" " ind2=" " tag="310"><subfield code="a">Weekly</subfield></datafield><datafield ind1="0" ind2=" " tag="362"><subfield code="a">Vol. 3, no. 5 (Feb. 1, 1823)-v. 4, no. 10 (Mar. 6, 1824).</subfield></datafield><datafield ind1=" " ind2=" " tag="500"><subfield code="a">Title varies slightly.</subfield></datafield><datafield ind1=" " ind2=" " tag="530"><subfield code="a">Available on microfilm from Readex Microprint Crop.</subfield></datafield><datafield ind1=" " ind2="0" tag="651"><subfield code="a">Haverhill (Mass.)</subfield><subfield code="v">Newspapers.</subfield></datafield><datafield ind1=" " ind2="0" tag="651"><subfield code="a">Essex County (Mass.)</subfield><subfield code="v">Newspapers.</subfield></datafield><datafield ind1=" " ind2="7" tag="651"><subfield code="a">Massachusetts</subfield><subfield code="z">Essex County.</subfield><subfield code="2">fast</subfield><subfield code="0">(OCoLC)fst01205527</subfield></datafield><datafield ind1=" " ind2="7" tag="651"><subfield code="a">Massachusetts</subfield><subfield code="z">Haverhill.</subfield><subfield code="2">fast</subfield><subfield code="0">(OCoLC)fst01218279</subfield></datafield><datafield ind1=" " ind2="7" tag="655"><subfield code="a">Newspapers.</subfield><subfield code="2">fast</subfield><subfield code="0">(OCoLC)fst01423814</subfield></datafield><datafield ind1=" " ind2=" " tag="752"><subfield code="a">United States</subfield><subfield code="b">Massachusetts</subfield><subfield code="c">Essex</subfield><subfield code="d">Haverhill.</subfield></datafield><datafield ind1="0" ind2="4" tag="780"><subfield code="t">Haverhill gazette (Haverhill, Mass. : 1821)</subfield><subfield code="w">(DLC)sn 83020517</subfield><subfield code="w">(OCoLC)9380207</subfield></datafield><datafield ind1="0" ind2="4" tag="780"><subfield code="t">Essex patriot (Haverhill, Mass.)</subfield><subfield code="x">2574-3007</subfield><subfield code="w">(DLC)sn 83020518</subfield><subfield code="w">(OCoLC)9380298</subfield></datafield><datafield ind1="0" ind2="0" tag="785"><subfield code="t">Gazette &amp; patriot</subfield><subfield code="x">2575-9450</subfield><subfield code="w">(DLC)sn 83020520</subfield><subfield code="w">(OCoLC)9380481</subfield></datafield><datafield ind1=" " ind2=" " tag="938"><subfield code="a">Kirtas Technologies, Inc.</subfield><subfield code="b">KRTS</subfield><subfield code="n">736444</subfield></datafield><datafield ind1="1" ind2=" " tag="029"><subfield code="a">AU@</subfield><subfield code="b">000020343616</subfield></datafield></record>